<?xml version="1.0" encoding="utf-8"?>
<record xmlns="http://www.loc.gov/MARC21/slim" xmlns:xsi="http://www.w3.org/2001/XMLSchema-instance" xsi:schemaLocation="http://www.loc.gov/MARC21/slim http://www.loc.gov/standards/marcxml/schema/MARC21slim.xsd">
	<leader>     nam a22     Mi 4500</leader>
	<controlfield tag="001">857606</controlfield>
	<controlfield tag="003">NjP</controlfield>
	<controlfield tag="006">m        d        </controlfield>
	<controlfield tag="007">cr cn |||m|||a</controlfield>
	<controlfield tag="008">201005s1859    ua      o     000 0 ara d</controlfield>
	<datafield ind1=" " ind2=" " tag="040">
		<subfield code="a">ZYU</subfield>
		<subfield code="b">ara</subfield>
		<subfield code="e">rda</subfield>
		<subfield code="c">ZYU</subfield>
	</datafield>
	<datafield ind1=" " ind2="4" tag="050">
		<subfield code="a">KBP494.43.R35</subfield>
		<subfield code="b">F38 1859</subfield>
	</datafield>
	<datafield ind1="1" ind2=" " tag="100">
		<subfield code="6">880-01</subfield>
		<subfield code="a">Ramlī, Khayr al-Dīn ibn Aḥmad,</subfield>
		<subfield code="d">1585-1671.</subfield>
	</datafield>
	<datafield ind1="1" ind2="0" tag="240">
		<subfield code="6">880-02</subfield>
		<subfield code="a">Fatāwá al-khayrīyah</subfield>
	</datafield>
	<datafield ind1="1" ind2="0" tag="245">
		<subfield code="6">880-03</subfield>
		<subfield code="a">Hādhā al-juzʼ al-awwal[-al-thānī] min Kitāb al-fatāwá al-khayrīyah li-nafʻ al-barīyah ʻalá madhhab al-Imām al-Aʻẓam Abī Ḥanīfah al-Nuʻmān /</subfield>
		<subfield code="c">Khayr al-Dīn al-Ramlī ; jāmiʻuhā Ibrāhīm ibn Sulaymān al-Ramlī tilmīdh muʼallifuhā Khayr al-Dīn al-Ramlī wa-sharaʻa fī jamʻ al-Fatāwá Muḥyī al-Dīn ibn Khayr al-Dīn al-Ramlī wa-kataba lahā dībājat ṣūratihā.</subfield>
	</datafield>
	<datafield ind1="3" ind2="0" tag="246">
		<subfield code="6">880-04</subfield>
		<subfield code="a">Kitāb al-fatāwá al-khayrīyah li-nafʻ al-barīyah ʻalá madhhab al-Imām al-Aʻẓam Abī Ḥanīfah al-Nuʻmān</subfield>
	</datafield>
	<datafield ind1="3" ind2="0" tag="246">
		<subfield code="6">880-05</subfield>
		<subfield code="a">Fatāwá al-khayrīyah li-nafʻ al-barīyah ʻalá madhhab al-Imām al-Aʻẓam Abī Ḥanīfah al-Nuʻmān</subfield>
	</datafield>
	<datafield ind1=" " ind2="1" tag="264">
		<subfield code="6">880-06</subfield>
		<subfield code="a">[al-Qāhirah, Miṣr] :</subfield>
		<subfield code="b">[publisher not identified],</subfield>
		<subfield code="c">1276 [1859]</subfield>
	</datafield>
	<datafield ind1=" " ind2=" " tag="300">
		<subfield code="a">online resource (2 volumes in 1)</subfield>
	</datafield>
	<datafield ind1=" " ind2=" " tag="336">
		<subfield code="a">text</subfield>
		<subfield code="2">rdacontent</subfield>
	</datafield>
	<datafield ind1=" " ind2=" " tag="337">
		<subfield code="a">computer</subfield>
		<subfield code="2">rdamedia</subfield>
	</datafield>
	<datafield ind1=" " ind2=" " tag="338">
		<subfield code="a">online resource</subfield>
		<subfield code="2">rdacarrier</subfield>
	</datafield>
	<datafield ind1=" " ind2=" " tag="500">
		<subfield code="a">Statement of responsibility for the author and compiler appears in colophon.</subfield>
	</datafield>
	<datafield ind1=" " ind2=" " tag="500">
		<subfield code="a">Includes errata pages.</subfield>
	</datafield>
	<datafield ind1=" " ind2=" " tag="500">
		<subfield code="a">Part of the Arabic Collections Online (ACO) project, contributed by Princeton University Libraries.</subfield>
	</datafield>
	<datafield ind1=" " ind2=" " tag="533">
		<subfield code="a">Electronic reproduction.</subfield>
		<subfield code="b">New York, N.Y. :</subfield>
		<subfield code="c">New York University,</subfield>
		<subfield code="d">2020.</subfield>
		<subfield code="5">NNU</subfield>
	</datafield>
	<datafield ind1=" " ind2="0" tag="650">
		<subfield code="a">Fatwas.</subfield>
	</datafield>
	<datafield ind1=" " ind2="0" tag="650">
		<subfield code="a">Hanafites.</subfield>
	</datafield>
	<datafield ind1=" " ind2="0" tag="650">
		<subfield code="a">Advisory opinions (Islamic law)</subfield>
	</datafield>
	<datafield ind1=" " ind2="7" tag="650">
		<subfield code="a">Advisory opinions (Islamic law)</subfield>
		<subfield code="2">fast</subfield>
		<subfield code="0">(OCoLC)fst00797979</subfield>
	</datafield>
	<datafield ind1=" " ind2="7" tag="650">
		<subfield code="a">Fatwas.</subfield>
		<subfield code="2">fast</subfield>
		<subfield code="0">(OCoLC)fst00921976</subfield>
	</datafield>
	<datafield ind1=" " ind2="7" tag="650">
		<subfield code="a">Hanafites.</subfield>
		<subfield code="2">fast</subfield>
		<subfield code="0">(OCoLC)fst00950818</subfield>
	</datafield>
	<datafield ind1="1" ind2=" " tag="700">
		<subfield code="6">880-07</subfield>
		<subfield code="a">Ramlī, Muḥyī al-Dīn ibn Khayr al-Dīn,</subfield>
		<subfield code="e">editor.</subfield>
	</datafield>
	<datafield ind1="1" ind2=" " tag="700">
		<subfield code="6">880-08</subfield>
		<subfield code="a">Ramlī, Ibrāhīm ibn Sulaymān,</subfield>
		<subfield code="e">compiler.</subfield>
	</datafield>
	<datafield ind1="2" ind2=" " tag="710">
		<subfield code="a">Princeton University.</subfield>
		<subfield code="b">Library.</subfield>
	</datafield>
	<datafield ind1="0" ind2=" " tag="730">
		<subfield code="a">Arabic Collections Online.</subfield>
	</datafield>
	<datafield ind1="0" ind2="8" tag="776">
		<subfield code="i">Online version:</subfield>
		<subfield code="a">Ramlī, Khayr al-Dīn Aḥmad, 1585-1671.</subfield>
		<subfield code="s">Fatāwá al-khayrīyah.</subfield>
		<subfield code="t">Hādhā al-juzʼ al-awwal[-thānī] min Kitāb al-fatāwá al-khayrīyah li-nafʻ al-barīyah ʻalá madhhab al-Imām al-Aʻẓam Abī Ḥanīfah al-Nuʻmān.</subfield>
		<subfield code="d">[Cairo : s.n.], 1276 [1859 or 1860]</subfield>
		<subfield code="w">(OCoLC)663348626</subfield>
	</datafield>
	<datafield ind1="0" ind2="8" tag="776">
		<subfield code="i">Print version:</subfield>
		<subfield code="a">Ramlī, Khayr al-Dīn ibn Aḥmad, 1585-1671.</subfield>
		<subfield code="t">Hādhā al-juzʼ al-awwal[-al-thānī] min Kitāb al-fatāwá al-khayrīyah li-nafʻ al-barīyah ʻalá madhhab al-Imām al-Aʻẓam Abī Ḥanīfah al-Nuʻmān</subfield>
		<subfield code="w">(NjP)857606</subfield>
		<subfield code="w">(OCoLC)29706243</subfield>
	</datafield>
	<datafield ind1="4" ind2="0" tag="856">
		<subfield code="u">http://hdl.handle.net/2333.1/tx95xhbg</subfield>
	</datafield>
	<datafield ind1="4" ind2="0" tag="856">
		<subfield code="u">http://hdl.handle.net/2333.1/tx95xhbg</subfield>
	</datafield>
	<datafield ind1="1" ind2=" " tag="880">
		<subfield code="6">100-01</subfield>
		<subfield code="a">رملي، خير الدين بن أحمد،</subfield>
		<subfield code="d">1585-1671.</subfield>
	</datafield>
	<datafield ind1="1" ind2="0" tag="880">
		<subfield code="6">240-02</subfield>
		<subfield code="a">فتاوى الخيرية</subfield>
	</datafield>
	<datafield ind1="1" ind2="0" tag="880">
		<subfield code="6">245-03</subfield>
		<subfield code="a">هذا الجزء الأول[-الثاني] من كتاب الفتاوى الخيرية لنفع البرية على مذهب الامام الاعظم ابي حنيفة النعمان /</subfield>
		<subfield code="c">خير الدين الرملي ؛ جامعها ابراهيم بن سليمان الرملي تلميذ مؤلفها خير الدين الرملي وشرع في جمع الفتاوى محيي الدين بن خير الدين الرملي وكتب لها ديباجة صورتها.</subfield>
	</datafield>
	<datafield ind1="3" ind2="0" tag="880">
		<subfield code="6">246-04</subfield>
		<subfield code="a">كتاب الفتاوى الخيرية لنفع البرية على مذهب الامام الاعظم ابي حنيفة النعمان</subfield>
	</datafield>
	<datafield ind1="3" ind2="0" tag="880">
		<subfield code="6">246-05</subfield>
		<subfield code="a">فتاوى الخيرية لنفع البرية على مذهب الامام الاعظم ابي حنيفة النعمان</subfield>
	</datafield>
	<datafield ind1=" " ind2="1" tag="880">
		<subfield code="6">264-06</subfield>
		<subfield code="a">[القاهرة، مصر] :</subfield>
		<subfield code="b">[publisher not identified]،</subfield>
		<subfield code="c">1276 [1859]</subfield>
	</datafield>
	<datafield ind1="1" ind2=" " tag="880">
		<subfield code="6">700-07</subfield>
		<subfield code="a">رملي، محيي الدين بن خير الدين،</subfield>
		<subfield code="e">editor.</subfield>
	</datafield>
	<datafield ind1="1" ind2=" " tag="880">
		<subfield code="6">700-08</subfield>
		<subfield code="a">رملي، ابراهيم بن سليمان،</subfield>
		<subfield code="e">compiler.</subfield>
	</datafield>
	<datafield ind1=" " ind2=" " tag="959">
		<subfield code="a">NNU</subfield>
		<subfield code="b">WEB</subfield>
		<subfield code="c">GENI</subfield>
		<subfield code="t">0</subfield>
		<subfield code="m">Electronic access</subfield>
		<subfield code="s">01</subfield>
	</datafield>
	<datafield ind1=" " ind2=" " tag="959">
		<subfield code="a">NNU</subfield>
		<subfield code="b">WEB</subfield>
		<subfield code="c">GENI</subfield>
		<subfield code="t">0</subfield>
		<subfield code="m">Electronic access</subfield>
		<subfield code="s">01</subfield>
	</datafield>
	<datafield ind1=" " ind2=" " tag="999">
		<subfield code="i">NjP_857606</subfield>
		<subfield code="o">(OCoLC)ocm29706243</subfield>
		<subfield code="s">princeton_aco004356:v. 1-2</subfield>
		<subfield code="s">princeton_aco004356:v. 1-2</subfield>
	</datafield>
</record>
